@manual{sample,
  author = {TU Dortmund},
  title = {Versuch zum Literaturverzeichnis},
  year = 2014
}

@online{V,
  author = {TU Dortmund},
  title = {...},
  url = {http...},
  urldate = "YYYY-MM-DD"
}

@book{GP,
  author = {},
  year = {},
  title = {},
  ISBN = {},
  Edition = {},
  Publisher = {}
}
