@online{Hohenester,
  author = {Prof. Dr. Ulrich Hohenester},
  title = {Die Entdeckung der Supraleitung},
  url = {https://physik.uni-graz.at/~uxh/teaching/supraleitung/SL.pdf},
  urldate = "2020-08-28"
}

@article{2223,
  author = {M.S.Shalaby and H.M.Hashem and T.R.Hammad and L.A.Wahab and K.H.Marzouk andS.Soltana},
  title = {Higher critical current density achieved in Bi-2223 High-Tc superconductors},
  journal = {Journal of Radiation Research and Applied Sciences},
  volume = {9},
  issue = {3},
  year = {2016},
  pages = {345-351}
}
