@manual{sample,
  author = {TU Dortmund},
  title = {Versuch zum Literaturverzeichnis},
  year = 2014
}

@online{V,
  author = {TU Dortmund},
  title = {...},
  url = {http...},
  urldate = "YYYY-MM-DD"
}

@book{GP,
  author = {},
  year = {},
  title = {},
  ISBN = {},
  Edition = {},
  Publisher = {}
}

@article{entw,
  author = {Binning, Gerd and Quate, Calvin and Gerber, Christoph},
  title = {Atomic Force Microscope},
  journal = {Phys. Rev. Lett.},
  volume = {56},
  number = {9},
  year  = {1986},
  pages = {930-933}
}
