@manual{anleitung,
  author = {TU Dortmund},
  title = {Photolumineszenz von kolloidalen Nanokristallen},
  year = 2020
}

@article{eki,
  author = {Ekimov, A. I. and Onushchenko, A. A.},
  title = {Quantum size effect in three-dimensional microscopic semiconductor crystals},
  journal = {JETP Letters},
  volume = {34},
  number = {6},
  pages = {345â€“349},
  year  = {1981}
}

@article{biom,
author = {M. Bruchez Jr. et. al},
title = {emiconductor Nanocrystals as Fluorescent Biological Labels},
journal = {Science},
volume = {281},
number = {2013},
year  = {1998}
}

@article{cryp,
  author = {Buttler, W.T. et al.},
  title = {Daylight Quantum Key Distribution over 1.6 km},
  journal = {Phys. Rev. Lett.},
  volume = {84},
  number = {5652},
  year  = {2000}
}

@article{compt,
  author = {Daniel Loss and David P. DiVincenzo},
  title = {Quantum computation with quantum dots},
  journal = {Phys. Rev. Lett.},
  volume = {57},
  number = {120},
  year  = {1998}
}


@article{qled,
  author = {J. HU. et al.},
  title = {Linearly Polarized Emission from Colloidal Semiconductor Quantum Rods},
  journal = {Science},
  volume = {292},
  number = {2060},
  year  = {2001}
}

@online{komp,
  author = {Kompendium},
  title = {Quantenpunkt-Displays},
  url = {https://kompendium.infotip.de/quantenpunkt-displays.html},
  urldate = "2020-08-12"
}

@article{lars,
  author = {Karsten, Lars},
  title = {Photolumineszenzspektroskopie an Halbleiterquantenpunkten},
  journal = {Cuvillier Verlag},
  year  = {2004}
}

@online{size,
  author = {sigmaaldrich},
  title = {Quantum Dots},
  url = {https://www.sigmaaldrich.com/technical-documents/articles/materials-science/nanomaterials/quantum-dots.html},
  urldate = "2020-08-12"
}


@article{blink,
  author = {Braam, Daniel},
  title = {Photolumineszenz-Spektroskopiean einzelnen Nanopartikeln},
  journal = {Diplomarbeit},
  year  = {2011}
}

@article{flex,
author = {Helfrich, Melina and Landmeyer, Felix},
title = {Photolumineszenz von kolloidalen Nanokristallen},
journal = {FP2, TU Dortmund},
year  = {2019}
}
